
@string { isj = "{{IEEE} Systems Journal}" }
@string { algo = "{Algorithmica}" }

%%
%% Additional Bibliographic Entries
%%

@book{aitoa,
  author = {Thomas Weise},
  title = {An Introduction to Optimization Algorithms},
  year = {2018--2020},
  publisher = {Institute of Applied Optimization ({IAO}), Faculty of Computer Science and Technology, Hefei University},
  address = {Hefei, Anhui, China},
  url = {http://thomasweise.github.io/aitoa/}
}


@techreport{AT2009CLAFPTDOOOA,
  author = {Anne Auger and Oliver Teytaud},
  title = {Continuous Lunches are Free Plus the Design of Optimal Optimization Algorithms},
  edition = {1},
  institution = {Institut National de Recherche en Informatique et en Automatique (INRIA) Saclay, TAO Team},
  address = {{LRI} -- Paris-Sud University, 91405 Orsay Cedex, France},
  type = {Rapports de Recherche},
  number = {inria-00369788},
  year = {2009},
  month = mar # {~21},
  url = {http://hal.inria.fr/docs/00/36/97/88/PDF/ccflRevisedVersionAugerTeytaud.pdf}
}


@article{AT2010CLAFPTDOOOA,
  author = {Anne Auger and Oliver Teytaud},
  title = {Continuous Lunches are Free Plus the Design of Optimal Optimization Algorithms},
  publisher = {Springer-Verlag GmbH},
  address = {Berlin, Germany},
  journal = algo,
  number = {1},
  volume = {57},
  pages = {121--146},
  year = {2010},
  month = may,
  doi = {10.1007/s00453-008-9244-5}
}


@book{B2014IOTSFOBF,
  title = {Internet of Things: Science Fiction or Business Fact?},
  series = {Harvard Business Review},
  month = nov,
  year = {2014},
  editor = {Mark Bartolomeo},
  url = {http://hbr.org/resources/pdfs/comm/verizon/18980_HBR_Verizon_IoT_Nov_14.pdf},
  publisher = {Harvard Business School Publishing},
  address = {Brighton, MA, USA}
}


@article{KM2015DTAAOCSAS,
  journal = isj,
  volume = {9},
  number = {2},
  month = jun,
  year = {2015},
  title = {Design Techniques and Applications of Cyberphysical Systems: A Survey},
  author = {Siddhartha Kumar Khaitan and James D. McCalley},
  doi = {10.1109/JSYST.2014.2322503}
}


@book{L2008CCL1WICCAAITPDP,
  author = {Jimmy Lin},
  title = {Cloud Computing Lecture {--} {\#}1 What is Cloud Computing? (and an intro to parallel/distributed processing)},
  publisher = {University of Maryland, The iSchool},
  address = {College Park, {MD}, {USA}},
  year = {2008},
  month = sep,
  url = {http://www.umiacs.umd.edu/~jimmylin/cloud-2008-Fall/Session1.ppt}
}


@techreport{M2010EAZAHTIWIW,
  author = {Manfred Menze},
  title = {{Evolution{\"a}re Algorithmen zur Ad-hoc-Tourenplanung: {InWeSt} {--} Intelligente Wechselbr{\"u}ckensteuerung}},
  institution = {Micromata GmbH},
  address = {Kassel, Hesse, Germany},
  year = {2010},
  month = nov
}


@misc{M2014BDT5VEMK,
  author = {Bernard Marr},
  month = mar,
  year = 2014,
  title = {Big Data: The 5 Vs Everyone Must Know},
  url = {http://www.linkedin.com/pulse/20140306073407-64875646-big-data-the-5-vs-everyone-must-know/}
}


@book{MF2004HTSIMH,
  author = {Zbigniew Michalewicz and David B. Fogel},
  title = {How to Solve It: Modern Heuristics},
  edition = {2nd},
  publisher = {Springer-Verlag},
  address = {Berlin/Heidelberg},
  year = {2004},
  isbn = {3-540-22494-7}
}


@mastersthesis{P2008IPUODGASUSMEA,
  author = {Alexander Podlich},
  title = {{Intelligente Planung und Optimierung des G{\"u}terverkehrs auf Stra{\ss}e und Schiene mit Evolution{\"a}ren Algorithmen}},
  school = {University of Kassel, Fachbereich 16: Elektrotechnik/Informatik, Distributed Systems Group},
  address = {Kassel, Hesse, Germany},
  year = {2009},
  month = feb
}


@techreport{WM1995NFLTFS,
  author = {David H. Wolpert and William G. Macready},
  title = {No Free Lunch Theorems for Search},
  institution = {Santa Fe Institute},
  address = {Santa F{\'{e}}, {NM}, {USA}},
  number = {SFI-TR-95-02-010},
  year = {1995},
  month = feb,
  url = {http://www.santafe.edu/research/publications/workingpapers/95-02-010.pdf}
}

@article{WM1997NFLTFO,
  author = {David H. Wolpert and William G. Macready},
  title = {No Free Lunch Theorems for Optimization},
  publisher = {IEEE Computer Society},
  address = {Washington, DC, USA},
  journal = itevc,
  number = {1},
  volume = {1},
  pages = {67--82},
  year = {1997},
  month = apr,
  url = {http://citeseerx.ist.psu.edu/viewdoc/summary?doi=10.1.1.39.6926},
  doi = {10.1109/4235.585893}
}


@article{WPRGG2009OGMEA,
  author = {Thomas Weise and Alexander Podlich and Manfred Menze and Christian Gorldt},
  title = {{Optimierte G{\"u}terverkehrsplanung mit Evolution{\"a}ren Algorithmen}},
  publisher = {{GITO} mbH {--} Verlag f{\"u}r Industrielle Informationstechnik und Organisation},
  address = {Berlin, Germany},
  journal = {Industrie Management {--} Zeitschrift f{\"u}r industrielle Gesch{\"a}ftsprozesse},
  number = {3},
  volume = {10},
  pages = {37--40},
  year = {2009},
  month = jun
}

